<record><leader>00000cas a2200000 a 4500</leader><controlfield tag="001">9844016</controlfield><controlfield tag="008">830825d18661907maudn ne      0    0eng c</controlfield><datafield ind1=" " ind2=" " tag="010"><subfield code="a">sn 83020968 </subfield></datafield><datafield ind1=" " ind2=" " tag="040"><subfield code="a">NPX</subfield><subfield code="b">eng</subfield><subfield code="c">NPX</subfield><subfield code="d">NPU</subfield><subfield code="d">DLC</subfield><subfield code="d">MGN</subfield><subfield code="d">CNW</subfield><subfield code="d">DLC</subfield><subfield code="d">OCLCQ</subfield><subfield code="d">OCLCF</subfield></datafield><datafield ind1="1" ind2=" " tag="029"><subfield code="a">AU@</subfield><subfield code="b">000020405672</subfield></datafield><datafield ind1=" " ind2=" " tag="042"><subfield code="a">pcc</subfield></datafield><datafield ind1=" " ind2=" " tag="043"><subfield code="a">n-us-ma</subfield></datafield><datafield ind1="0" ind2="0" tag="050"><subfield code="a">Newspaper</subfield></datafield><datafield ind1="0" ind2="0" tag="245"><subfield code="a">Worcester evening gazette.</subfield></datafield><datafield ind1="3" ind2="0" tag="246"><subfield code="a">Evening Worcester gazette</subfield></datafield><datafield ind1=" " ind2=" " tag="260"><subfield code="a">Worcester, Mass. :</subfield><subfield code="b">S.B. Bartholomew &amp; Co.,</subfield><subfield code="c">1866-1869.</subfield></datafield><datafield ind1=" " ind2=" " tag="300"><subfield code="a">v. :</subfield><subfield code="b">ill. ;</subfield><subfield code="c">60-69 cm.</subfield></datafield><datafield ind1=" " ind2=" " tag="310"><subfield code="a">Daily (except Sunday)</subfield></datafield><datafield ind1="0" ind2=" " tag="362"><subfield code="a">Vol. 23, no. 1 (Jan. 1, 1866)-v. 64, no. 2 (Jan. 2, 1907).</subfield></datafield><datafield ind1=" " ind2=" " tag="500"><subfield code="a">"Worcester" appears above masthead ornament, 1866-Oct. 5, 1867.</subfield></datafield><datafield ind1=" " ind2=" " tag="500"><subfield code="a">Two editions daily.</subfield></datafield><datafield ind1=" " ind2=" " tag="500"><subfield code="a">Publishers: Chas. H. Doe &amp; Chas. H. Woodwell, May 3, 1869-June 30, 1871; Chas. H. Doe &amp; Co., July 1, 1871-Oct. 2, 1891.</subfield></datafield><datafield ind1=" " ind2=" " tag="500"><subfield code="a">Editors: G. Foss, Jan. 1-&lt;June 30&gt;, 1866; T. Cook, 1867; C. Thomas, 1868-1869; C. Doe, July 1, 1869-1896.</subfield></datafield><datafield ind1=" " ind2=" " tag="580"><subfield code="a">Weekly ed.: Aegis and gazette, 1866-1896.</subfield></datafield><datafield ind1=" " ind2="0" tag="651"><subfield code="a">Worcester (Mass.)</subfield><subfield code="v">Newspapers.</subfield></datafield><datafield ind1=" " ind2="7" tag="655"><subfield code="a">Newspapers.</subfield><subfield code="2">fast</subfield><subfield code="0">(OCoLC)fst01423814</subfield></datafield><datafield ind1=" " ind2="7" tag="651"><subfield code="a">Massachusetts</subfield><subfield code="z">Worcester.</subfield><subfield code="2">fast</subfield><subfield code="0">(OCoLC)fst01207904</subfield></datafield><datafield ind1=" " ind2=" " tag="752"><subfield code="a">United States</subfield><subfield code="b">Massachusetts</subfield><subfield code="c">Worcester</subfield><subfield code="d">Worcester.</subfield></datafield><datafield ind1="1" ind2=" " tag="775"><subfield code="t">Aegis and gazette</subfield><subfield code="w">(DLC)sn 83020967</subfield><subfield code="w">(OCoLC)9856759</subfield></datafield><datafield ind1="0" ind2="0" tag="780"><subfield code="t">Worcester daily transcript (Worcester, Mass. : 1862)</subfield><subfield code="w">(DLC)sn 83020965</subfield><subfield code="w">(OCoLC)9848464</subfield></datafield><datafield ind1="0" ind2="0" tag="785"><subfield code="t">Evening gazette (Worcester, Mass. : 1907)</subfield><subfield code="w">(DLC)sn 86071948</subfield><subfield code="w">(OCoLC)12637583</subfield></datafield></record>